<?xml version="1.0" encoding="UTF-8"?><record xmlns="http://www.loc.gov/MARC21/slim" xmlns:cinclude="http://apache.org/cocoon/include/1.0" xmlns:zs="http://www.loc.gov/zing/srw/">
  <leader>00548cz  a2200157n  4500</leader>
  <controlfield tag="001">n  87847042 </controlfield>
  <controlfield tag="003">DLC</controlfield>
  <controlfield tag="005">20080229072710.0</controlfield>
  <controlfield tag="008">880222n| acannaabn          |a aaa     c</controlfield>
  <datafield tag="010" ind1=" " ind2=" ">
    <subfield code="a">n  87847042 </subfield>
  </datafield>
  <datafield tag="035" ind1=" " ind2=" ">
    <subfield code="a">(OCoLC)oca02208669</subfield>
  </datafield>
  <datafield tag="040" ind1=" " ind2=" ">
    <subfield code="a">CLU</subfield>
    <subfield code="b">eng</subfield>
    <subfield code="c">DLC</subfield>
    <subfield code="d">OCoLC</subfield>
  </datafield>
  <datafield tag="100" ind1="1" ind2=" ">
    <subfield code="a">Peple, Edward,</subfield>
    <subfield code="d">1869-1924</subfield>
  </datafield>
  <datafield tag="400" ind1="1" ind2=" ">
    <subfield code="a">Peple, Eduardo,</subfield>
    <subfield code="d">1869-1924</subfield>
  </datafield>
  <datafield tag="670" ind1=" " ind2=" ">
    <subfield code="a">The Beloved bachelor [MP] 1931:</subfield>
    <subfield code="b">credits (from a play by Edward H. Peple)</subfield>
  </datafield>
  <datafield tag="670" ind1=" " ind2=" ">
    <subfield code="a">OCLC, 1-19-88</subfield>
    <subfield code="b">(hdg.: Peple, Edward Henry, 1869-1924; usage: Edward Peple; Edward H. Peple; Eduardo Peple)</subfield>
  </datafield>
</record>